@article{Bromfield2013HeparinApplications,
    title = {{Heparin sensing and binding – taking supramolecular chemistry towards clinical applications}},
    year = {2013},
    journal = {Chem. Soc. Rev.},
    author = {Bromfield, Stephen M. and Wilde, Ellis and Smith, David K.},
    number = {23},
    pages = {9184--9195},
    volume = {42},
    publisher = {The Royal Society of Chemistry},
    url = {http://xlink.rsc.org/?DOI=c3cs60278h},
    doi = {10.1039/c3cs60278h}
}

@article{Barnard2012Self-AssembledBinding,
    title = {{Self-Assembled Multivalency: Dynamic Ligand Arrays for High-Affinity Binding}},
    year = {2012},
    journal = {Angew. Chem., Int. Ed.},
    author = {Barnard, Anna and Smith, David K.},
    number = {27},
    pages = {6572--6581},
    volume = {51},
    publisher = {WILEY‐VCH Verlag},
    url = {http://doi.wiley.com/10.1002/anie.201200076},
    doi = {10.1002/anie.201200076},
    keywords = {molecular recognition, multivalency, non‐covalent interactions, self‐assembly, supramolecular chemistry}
}

@article{Chan2016ChiralBinding,
    title = {{Chiral recognition at self-assembled multivalent (SAMul) nanoscale interfaces – enantioselectivity in polyanion binding}},
    year = {2016},
    journal = {Chem. Commun.},
    author = {Chan, Ching W. and Laurini, Erik and Posocco, Paola and Pricl, Sabrina and Smith, David K.},
    number = {69},
    pages = {10540--10543},
    volume = {52},
    publisher = {The Royal Society of Chemistry},
    url = {http://xlink.rsc.org/?DOI=C6CC04470K},
    doi = {10.1039/C6CC04470K}
}

@article{Fechner2016ElectrostaticBinding,
    title = {{Electrostatic binding of polyanions using self-assembled multivalent (SAMul) ligand displays – structure–activity effects on DNA/heparin binding}},
    year = {2016},
    journal = {Chem. Sci.},
    author = {Fechner, Loryn E. and Albanyan, Buthaina and Vieira, Vânia M. P. and Laurini, Erik and Posocco, Paola and Pricl, Sabrina and Smith, David K.},
    number = {7},
    pages = {4653--4659},
    volume = {7},
    publisher = {The Royal Society of Chemistry},
    url = {http://xlink.rsc.org/?DOI=C5SC04801J},
    doi = {10.1039/C5SC04801J}
}

@article{Bromfield2015HeparinNanostructures,
    title = {{Heparin versus DNA: Chiral Preferences in Polyanion Binding to Self-Assembled Multivalent (SAMul) Nanostructures}},
    year = {2015},
    journal = {J. Am. Chem. Soc.},
    author = {Bromfield, Stephen M. and Smith, David K.},
    number = {32},
    pages = {10056--10059},
    volume = {137},
    publisher = {American Chemical Society},
    url = {http://pubs.acs.org/doi/10.1021/jacs.5b04344},
    doi = {10.1021/jacs.5b04344}
}

@article{Bromfield2013MallardMedia,
    title = {{Mallard Blue: A High-Affinity Selective Heparin Sensor That Operates in Highly Competitive Media}},
    year = {2013},
    journal = {J. Am. Chem. Soc.},
    author = {Bromfield, Stephen M. and Barnard, Anna and Posocco, Paola and Fermeglia, Maurizio and Pricl, Sabrina and Smith, David K.},
    number = {8},
    pages = {2911--2914},
    volume = {135},
    url = {http://pubs.acs.org/doi/abs/10.1021/ja311734d},
    doi = {10.1021/ja311734d}
}

@article{Bromfield2013ADendrimers.,
    title = {{A simple new competition assay for heparin binding in serum applied to multivalent PAMAM dendrimers.}},
    year = {2013},
    journal = {Chem. Commun.},
    author = {Bromfield, Stephen M and Posocco, Paola and Fermeglia, Maurizio and Pricl, Sabrina and Rodr{\'{i}}guez-L{\'{o}}pez, Julián and Smith, David K},
    number = {42},
    pages = {4830--4832},
    volume = {49},
    pmid = {23595366}
}

@article{Posocco2010LessDelivery,
    title = {{Less is more – multiscale modelling of self-assembling multivalency and its impact on DNA binding and gene delivery}},
    year = {2010},
    journal = {Chemical Science},
    author = {Posocco, Paola and Pricl, Sabrina and Jones, Simon and Barnard, Anna and Smith, David K. and Mammen, M. and Choi, S.-K. and Whitesides, G. M. and Kiessling, L. L. and Gestwicki, J. E. and Strong, L. E. and Mulder, A. and Huskens, J. and Reinhoudt, D. N. and Badjic, J. D. and Nelson, A. and Cantrill, S. J. and Turnbull, W. B. and Stoddart, J. F. and Huskens, J. and Diestler, D. J. and Knapp, E. W. and Tomalia, D. A. and Joshi, N. and Grinstaff, M. and Chabre, Y. M. and Roy, R. and Jang, W.-D. and Selim, K. M. K. and Lee, C.-H. and Kang, I.-K. and Heegaard, P. M. H. and Boas, U. and Sorensen, N. S. and Dufes, C. and Uchegbu, I. F. and Schatzlein, A. G. and Guillot-Nieckowski, M. and Eisler, S. and Diederich, F. and Parekh, H. S. and Smith, D. K. and Caminade, A.-M. and Turrin, C. O. and Majoral, J.-P. and Haensler, J. and Szoka, F. C. and Kukowska-Latallo, J. F. and Bielinska, A. U. and Johnson, J. and Spindler, R. and Tomalia, D. A. and Baker, J. R. and Bielinska, A. and Kukowska-Latallo, J. F. and Johnson, J. and Tomalia, D. A. and Baker, J. R. and Tang, M. X. and Redemann, C. T. and Szoka, F. C. and Sonawane, N. D. and Szoka, F. C. and Verkman, A. S. and Kostiainen, M. A. and Hardy, J. G. and Smith, D. K. and Hardy, J. G. and Kostiainen, M. A. and Smith, D. K. and Gabrielson, N. P. and Pack, D. W. and Hardy, J. G. and Love, C. S. and Gabrielson, N. P. and Pack, D. W. and Smith, D. K. and Kostiainen, M. A. and Smith, D. K. and Ikkala, O. and Welsh, D. J. and Jones, S. P. and Smith, D. K. and Kostiainen, M. A. and Rosilo, H. and Kostiainen, M. A. and Szilvay, G. R. and Smith, D. K. and Linder, M. B. and Ikkala, O. and Kostiainen, M. A. and Szilvay, G. R. and Lehtinen, J. and Smith, D. K. and Linder, M. B. and Urtti, A. and Ikkala, O. and Bancroft, D. and Williams, I. D. and Rich, A. and Egli, M. and Bloomfield, V. A. and Rouzina, I. and Bloomfield, V. A. and Saminathan, M. and Anthony, T. and Shirahata, A. and Sigal, L. H. and Thomas, T. and Thomas, T. J. and Williams, L. D. and Deng, H. and Bloomfield, V. A. and Benevides, J. M. and Thomas, G. J. and Vijayanathan, V. and Thomas, T. and Shirahata, A. and Thomas, T. J. and Burak, Y. and Ariel, G. and Andelman, D. and D'Agostino, L. and Pietro, M. di and Luccia, A. Di and Pastre, D. and Pietrement, O. and Landousy, F. and Hamon, L. and Sorel, I. and David, M. O. and Delain, E. and Zozime, A. and Cam, E. Le and Qiu, X. and Andresen, K. and Lamb, J. S. and Kwok, L. W. and Pollack, L. and Pavan, G. M. and Danani, A. and Pricl, S. and Smith, D. K. and Jones, S. P. and Pavan, G. M. and Danani, A. and Pricl, S. and Smith, D. K. and Smith, D. K. and Kim, B. S. and Hong, D. J. and Bae, J. and Lee, M. and Lim, Y. and Lee, M. and M{\"{u}}ller, M. K. and Brunsveld, L. and Montet, X. and Funovics, M. and Montet-Abou, K. and Weissleder, R. and Josephson, L. and Guler, M. O. and Hsu, L. and Soukasene, S. and Harrington, D. A. and Hulvat, J. F. and Stupp, S. I. and Xiong, X.-B. and Mahmud, A. and Uludag, H. and Lavasanifar, A. and Huang, Z. and Sargeant, T. D. and Hulvat, J. F. and Mata, A. and Bringas, P. and Koh, C.-Y. and Stupp, S. I. and Snead, M. L. and Zhou, M. and Smith, A. M. and Das, A. K. and Hodgson, N. W. and Collins, R. F. and Ulijn, R. V. and Gough, J. E. and Reulen, S. W. A. and Dankers, P. Y. W. and Bomans, P. H. H. and Meijer, E. W. and Merkx, M. and Karmali, P. P. and Chaudhuri, A. and Bhattacharya, S. and Balaj, A. and Rao, N. M. and Smith, D. K. and Hirst, A. R. and Love, C. S. and Hardy, J. G. and Brignell, S. V. and Huang, B. and Al-Jamal, K. T. and Ramaswamy, C. and Florence, A. T. and Smith, D. K. and Rosen, B. M. and Wilson, C. J. and Wilson, D. A. and Peterca, M. and Imam, M. R. and Percec, V. and Joester, D. and Losson, M. and Pugin, R. and Heinzelmann, H. and Walter, E. and Merkle, H. P. and Diederich, F. and Guillot, M. and Eisler, S. and Weller, K. and Merkle, H. P. and Gallani, J. L. and Diederich, F. and Guillot-Nieckowski, M. and Joester, D. and Stohr, M. and Losson, M. and Adrian, M. and Wagner, B. and Kansy, M. and Heinzelmann, H. and Pugin, R. and Diederich, F. and Gallani, J. L. and Ahmad, A. and Evans, H. M. and Ewert, K. and George, C. X. and Samuel, C. E. and Safinya, C. R. and Ewert, K. K. and Evans, H. M. and Zidovska, A. and Bouxsein, N. F. and Ahmad, A. and Safinya, C. R. and Shah, D. S. and Sakthivel, T. and Toth, I. and Florence, A. T. and Wilderspin, A. F. and Bayele, H. K. and Ramaswamy, C. and Wilderspin, A. F. and Srai, K. S. and Toth, I. and Florence, A. T. and Jones, S. P. and Gabrielson, N. P. and Pack, D. W. and Smith, D. K. and Felgner, J. H. and Kumar, R. and Sridhar, C. N. and Wheeler, C. J. and Tsai, Y. J. and Border, R. and Ramsey, P. and Martin, M. and Felgner, P. L. and Erbacher, P. and Roche, A. C. and Monsigny, M. and Midoux, P. and Forrest, M. L. and Pack, D. W. and Azagarsamy, M. A. and Yesilyurt, V. and Thayumanavan, S. and Israelachvili, J. N. and Mitchell, D. J. and Ninham, B. W. and Israelachvili, J. N. and Mitchell, D. J. and Ninham, B. W. and Kumar, V. V. and Zuhorn, I. S. and Engberts, J. B. F. N. and Hoekstra, D. and Radler, J. O. and Koltover, I. and Salditt, T. and Safinya, C. R. and Ouahabi, A. El and Thiry, M. and Pector, V. and Fuks, R. and Ruysschaert, J. M. and Vandenbranden, M. and Koltover, I. and Salditt, T. and Radler, J. O. and Safinya, C. R. and Wong, H. and Victor, J. M. and Mozziconacci, J. and Greenspan, P. and Mayer, E.P. and Fowler, S.D. and Gillies, E. R. and Jonsson, T. B. and Fr{\'{e}}chet, J. M. J. and Hoogerbrugge, P. J. and Koelman, J. and Espa{\~{n}}ol, P. and Espa{\~{n}}ol, P. and Warren, P. B. and Groot, R. D. and Warren, P. B. and Groot, R. D. and Rabone, K. L. and Fan, X. and P.-T., N. and Chen, S.o. and Wu, X. and Ng, T. Y. and Moeendarbary, E. and Ng, T. Y. and Pan, H. and Lam, K. Y. and Symeonidis, V. and Karniadakis, G. E. and Caswell, B. and Groot, R. D. and Scocchi, G. and Posocco, P. and Danani, A. and Pricl, S. and Fermeglia, M. and Scocchi, G. and Posocco, P. and Fermeglia, M. and Pricl, S. and Scocchi, G. and Posocco, P. and Handgraaf, J.-W. and Fraaije, J. G. E. M. and Fermeglia, M. and Pricl, S. and Toth, R. and Voorn, D.-J. and Handgraaf, J.-W. and Fraaije, J. G. E. M. and Fermeglia, M. and Pricl, S. and Posocco, P. and Wang, J. and Wolf, R. M. and Caldwell, J. W. and Kollman, P. A. and Case, D. A. and Jakalian, A. and Bush, B. L. and Jack, D. B. and Bayly, C. I. and Jakalian, A. and Jack, D. B. and Bayly, C. I. and Jorgensen, W. L. and Chandrasekhar, J. and Madura, J. D. and Impey, R. W. and Klein, M. L. and Darden, T. and York, D. and Pedersen, L. and Srinivasan, J. and Cheatham, T. E. and Cieplak, P. and Kollman, P. A. and Case, D. A.},
    number = {3},
    pages = {393},
    volume = {1},
    publisher = {The Royal Society of Chemistry},
    url = {http://xlink.rsc.org/?DOI=c0sc00291g},
    doi = {10.1039/c0sc00291g},
    issn = {2041-6520}
}

@article{JovicaD.Badjic2005MultivalencyChemistry,
    title = {{Multivalency and Cooperativity in Supramolecular Chemistry}},
    year = {2005},
    author = {{Jovica D. Badji{\'{c}}} and {Alshakim Nelson} and {Stuart J. Cantrill} and {W. Bruce Turnbull} and {J. Fraser Stoddart}},
    publisher = {American Chemical Society},
    doi = {10.1021/AR040223K}
}

@article{Bromfield2014NanoscaleMedia,
    title = {{Nanoscale self-assembled multivalent (SAMul) heparin binders in highly competitive, biologically relevant, aqueous media}},
    year = {2014},
    journal = {Chem. Sci.},
    author = {Bromfield, Stephen M. and Posocco, Paola and Chan, Ching W. and Calderon, Marcelo and Guimond, Scott E. and Turnbull, Jeremy E. and Pricl, Sabrina and Smith, David K.},
    number = {4},
    pages = {1484--1492},
    volume = {5},
    publisher = {The Royal Society of Chemistry},
    url = {http://xlink.rsc.org/?DOI=c4sc00298a},
    doi = {10.1039/c4sc00298a}
}

@article{Bromfield2014Shape-PersistentBinding,
    title = {{Shape-Persistent and Adaptive Multivalency: Rigid Transgeden (TGD) and Flexible PAMAM Dendrimers for Heparin Binding}},
    year = {2014},
    journal = {Chem. Eur. J.},
    author = {Bromfield, Stephen M. and Posocco, Paola and Fermeglia, Maurizio and Tolosa, Juan and Herreros-L{\'{o}}pez, Ana and Pricl, Sabrina and Rodr{\'{i}}guez-L{\'{o}}pez, Julián and Smith, David K.},
    number = {31},
    pages = {9666--9674},
    volume = {20},
    publisher = {WILEY‐VCH Verlag},
    url = {http://doi.wiley.com/10.1002/chem.201402237},
    doi = {10.1002/chem.201402237},
    keywords = {dendrimers, heparin, molecular recognition, multiscale molecular modeling, multivalency}
}

@article{Rinker2008Self-assembledBinding,
    title = {{Self-assembled DNA nanostructures for distance-dependent multivalent ligand–protein binding}},
    year = {2008},
    journal = {Nature Nanotechnology},
    author = {Rinker, Sherri and Ke, Yonggang and Liu, Yan and Chhabra, Rahul and Yan, Hao},
    number = {7},
    month = {7},
    pages = {418--422},
    volume = {3},
    publisher = {Nature Publishing Group},
    url = {http://www.nature.com/doifinder/10.1038/nnano.2008.164},
    doi = {10.1038/nnano.2008.164},
    issn = {1748-3387}
}

@article{Wardrop2008TheWarfarin,
    title = {{The story of the discovery of heparin and warfarin}},
    year = {2008},
    journal = {British Journal of Haematology},
    author = {Wardrop, Douglas and Keeling, David},
    number = {6},
    month = {6},
    pages = {757--763},
    volume = {141},
    publisher = {Blackwell Publishing Ltd},
    url = {http://doi.wiley.com/10.1111/j.1365-2141.2008.07119.x},
    doi = {10.1111/j.1365-2141.2008.07119.x},
    issn = {0007-1048},
    keywords = {discovery, heparin, warfarin}
}

@article{Kim2016PolycationsApplications,
    title = {{Polycations and their biomedical applications}},
    year = {2016},
    journal = {Prog. Polym. Sci.},
    author = {Kim, Kyobum and Chen, William C W and Heo, Yunhoe and Wang, Yadong},
    pages = {18--50},
    volume = {60},
    doi = {10.1016/j.progpolymsci.2016.05.004}
}

@article{Pitard2004NegativelyTransfer,
    title = {{Negatively charged self-assembling DNA/poloxamine nanospheres for in{\\\}vivo gene transfer}},
    year = {2004},
    journal = {NUCLEIC ACIDS RESEARCH},
    author = {Pitard, B and Bello-Roufai, M and Lambert, O and Richard, P and Desigaux, L and Fernandes, S and Lanctin, C and Pollard, H and Zeghal, M and Rescan, P Y and Escande, D},
    number = {20},
    volume = {32},
    doi = {10.1093/nar/gnh153},
    issn = {0305-1048}
}

@article{Good1966Hydrogensup/sup,
    title = {{Hydrogen Ion Buffers for Biological Research <sup>*</sup>}},
    year = {1966},
    journal = {Biochemistry},
    author = {Good, Norman E. and Winget, G. Douglas and Winter, Wilhelmina and Connolly, Thomas N. and Izawa, Seikichi and Singh, Raizada M. M.},
    number = {2},
    month = {2},
    pages = {467--477},
    volume = {5},
    url = {http://pubs.acs.org/doi/abs/10.1021/bi00866a011},
    doi = {10.1021/bi00866a011},
    issn = {0006-2960}
}

@article{Mahan2014AAgents,
    title = {{A 1-year drug utilization evaluation of protamine in hospitalized patients to identify possible future roles of heparin and low molecular weight heparin reversal agents}},
    year = {2014},
    journal = {J. Thromb. Thrombolysis},
    author = {Mahan, Charles E.},
    number = {3},
    pages = {271--278},
    volume = {37},
    url = {http://link.springer.com/10.1007/s11239-013-0927-7},
    doi = {10.1007/s11239-013-0927-7}
}

@article{Reyhan2014AbolitionSulfate,
    title = {{Abolition of anti-adhesiogenic effect of heparin by protamine sulfate}},
    year = {2014},
    journal = {International Journal of Surgery},
    author = {Reyhan, Enver and İrk{\"{o}}r{\"{u}}c{\"{u}}, Oktay and S{\"{u}}rmelio{\u{g}}lu, Ali and {\"{O}}zkara, Selvinaz and De{\u{g}}er, Kamuran Cumhur and Aziret, Mehmet and Erdem, Hasan and {\c{C}}etink{\"{u}}nar, Süleyman and Tilki, Metin and Demirt{\"{u}}rk, Pelin and Akpinar, Edip},
    number = {7},
    month = {7},
    pages = {729--733},
    volume = {12},
    url = {http://linkinghub.elsevier.com/retrieve/pii/S1743919114001605},
    doi = {10.1016/j.ijsu.2014.05.061},
    issn = {17439191}
}

@article{Rabenstein2002HeparinFunction,
    title = {{Heparin and heparan sulfate: structure and function}},
    year = {2002},
    journal = {Natural Product Reports},
    author = {Rabenstein, Dallas L.},
    number = {3},
    month = {5},
    pages = {312--331},
    volume = {19},
    url = {http://xlink.rsc.org/?DOI=b100916h},
    doi = {10.1039/b100916h},
    issn = {02650568}
}

@article{Wang2006Interactionsup/sup,
    title = {{Interaction of Heparin with Two Synthetic Peptides that Neutralize the Anticoagulant Activity of Heparin <sup>†</sup>}},
    year = {2006},
    journal = {Biochemistry},
    author = {Wang, Jing and Rabenstein, Dallas L.},
    number = {51},
    pages = {15740--15747},
    volume = {45},
    url = {http://pubs.acs.org/doi/abs/10.1021/bi061346a},
    doi = {10.1021/bi061346a}
}

@article{Ford2013DesignPeptoids,
    title = {{Design, Synthesis, and Characterization of Heparin-Binding Peptoids}},
    year = {2013},
    journal = {Biochemistry},
    author = {Ford, Bruce Kevin and Hamza, Mark and Rabenstein, Dallas L.},
    number = {21},
    pages = {3773--3780},
    volume = {52},
    publisher = {American Chemical Society},
    url = {http://pubs.acs.org/doi/abs/10.1021/bi4001722},
    doi = {10.1021/bi4001722}
}

@article{Ansell2016CiraparantagHeparin,
    title = {{Ciraparantag safely and completely reverses the anticoagulant effects of low molecular weight heparin}},
    year = {2016},
    journal = {Thromb. Res.},
    author = {Ansell, Jack E. and Laulicht, Bryan E. and Bakhru, Sasha H. and Hoffman, Maureane and Steiner, Solomon S. and Costin, James C.},
    pages = {113--118},
    volume = {146},
    url = {http://linkinghub.elsevier.com/retrieve/pii/S0049384816304819},
    doi = {10.1016/j.thromres.2016.07.008}
}

@article{Bakchoul2016ProtamineAntibodies,
    title = {{Protamine (heparin)-induced thrombocytopenia: a review of the serological and clinical features associated with anti-protamine/heparin antibodies}},
    year = {2016},
    journal = {Journal of Thrombosis and Haemostasis},
    author = {Bakchoul, T. and Jouni, R. and Warkentin, T. E.},
    number = {9},
    month = {9},
    pages = {1685--1695},
    volume = {14},
    url = {http://doi.wiley.com/10.1111/jth.13405},
    doi = {10.1111/jth.13405},
    issn = {15387933}
}

@article{Mulloy2015PharmacologyDrugs,
    title = {{Pharmacology of Heparin and Related Drugs}},
    year = {2015},
    journal = {Pharmacol. Rev.},
    author = {Mulloy, B. and Hogwood, J. and Gray, E. and Lever, R. and Page, C. P.},
    number = {1},
    pages = {76--141},
    volume = {68},
    url = {http://pharmrev.aspetjournals.org/cgi/doi/10.1124/pr.115.011247},
    doi = {10.1124/pr.115.011247}
}

@article{Caldwell1996ImportanceSulfate,
    title = {{Importance of specific amino acids in protein binding sites for heparin and heparan sulfate}},
    year = {1996},
    journal = {The International Journal of Biochemistry {\&} Cell Biology},
    author = {Caldwell, Elizabeth E.O. and Nadkarni, Varsha D. and Fromm, Jonathan R. and Linhardt, Robert J. and Weiler, John M.},
    number = {2},
    pages = {203--216},
    volume = {28},
    publisher = {Pergamon},
    doi = {10.1016/1357-2725(95)00123-9},
    issn = {13572725}
}

@article{vanVeen2011ProtamineHeparin,
    title = {{Protamine reversal of low molecular weight heparin}},
    year = {2011},
    journal = {Blood Coagulation {\&} Fibrinolysis},
    author = {van Veen, Joost J. and Maclean, Rhona M. and Hampton, Kingsley K. and Laidlaw, Stuart and Kitchen, Steve and Toth, Peter and Makris, Mike},
    number = {7},
    month = {10},
    pages = {565--570},
    volume = {22},
    url = {http://content.wkhealth.com/linkback/openurl?sid=WKPTLP:landingpage&an=00001721-201110000-00002},
    doi = {10.1097/MBC.0b013e3283494b3c},
    issn = {0957-5235}
}

@article{DUNCAN2005DendrimerToxicity,
    title = {{Dendrimer biocompatibility and toxicity}},
    year = {2005},
    journal = {Advanced Drug Delivery Reviews},
    author = {DUNCAN, R and IZZO, L},
    number = {15},
    month = {12},
    pages = {2215--2237},
    volume = {57},
    url = {http://www.ncbi.nlm.nih.gov/pubmed/16297497 http://linkinghub.elsevier.com/retrieve/pii/S0169409X0500195X},
    doi = {10.1016/j.addr.2005.09.019},
    issn = {0169409X},
    pmid = {16297497}
}

@article{Vieira2017EmergenceHeparin,
    title = {{Emergence of highly-ordered hierarchical nanoscale aggregates on electrostatic binding of self-assembled multivalent (SAMul) cationic micelles with polyanionic heparin}},
    year = {2017},
    journal = {J. Mater. Chem. B},
    author = {Vieira, Vania M. P. and Liljestr{\"{o}}m, Ville and Posocco, Paola and Laurini, Erik and Pricl, Sabrina and Kostiainen, Mauri A. and Smith, David K.},
    pages = {746--769},
    volume = {3},
    publisher = {The Royal Society of Chemistry},
    url = {http://xlink.rsc.org/?DOI=C6TB02512A},
    doi = {10.1039/C6TB02512A}
}

@article{Pavan2009ModelingBinding,
    title = {{Modeling the Multivalent Recognition between Dendritic Molecules and DNA: Understanding How Ligand “Sacrifice” and Screening Can Enhance Binding}},
    year = {2009},
    journal = {Journal of the American Chemical Society},
    author = {Pavan, Giovanni M. and Danani, Andrea and Pricl, Sabrina and Smith, David K.},
    number = {28},
    month = {7},
    pages = {9686--9694},
    volume = {131},
    url = {http://pubs.acs.org/doi/abs/10.1021/ja901174k},
    doi = {10.1021/ja901174k},
    issn = {0002-7863}
}

@article{Rodrigo2011Self-AssemblingBinding,
    title = {{Self-Assembling Ligands for Multivalent Nanoscale Heparin Binding}},
    year = {2011},
    journal = {Angew. Chem., Int. Ed.},
    author = {Rodrigo, Ana C. and Barnard, Anna and Cooper, James and Smith, David K.},
    number = {20},
    pages = {4675--4679},
    volume = {50},
    publisher = {WILEY‐VCH Verlag},
    url = {http://doi.wiley.com/10.1002/anie.201100019},
    doi = {10.1002/anie.201100019},
    keywords = {heparin, ligands, nanostructures, self‐assembly, supramolecular chemistry}
}

@article{Zern2011APolycation,
    title = {{A Biocompatible Arginine-Based Polycation}},
    year = {2011},
    journal = {Advanced Functional Materials},
    author = {Zern, Blaine J. and Chu, Hunghao and Osunkoya, Adeboye O. and Gao, Jin and Wang, Yadong},
    number = {3},
    month = {2},
    pages = {434--440},
    volume = {21},
    publisher = {WILEY‐VCH Verlag},
    url = {http://doi.wiley.com/10.1002/adfm.201000969},
    doi = {10.1002/adfm.201000969},
    issn = {1616301X}
}

@article{2015Corrections,
    title = {{Corrections}},
    year = {2015},
    journal = {The Lancet Respiratory Medicine},
    number = {9},
    month = {9},
    pages = {e33},
    volume = {3},
    url = {http://linkinghub.elsevier.com/retrieve/pii/S2213260015003148},
    doi = {10.1016/S2213-2600(15)00314-8},
    issn = {22132600}
}

@article{Alton2015RepeatedTrial,
    title = {{Repeated nebulisation of non-viral CFTR gene therapy in patients with cystic fibrosis: a randomised, double-blind, placebo-controlled, phase 2b trial}},
    year = {2015},
    journal = {Lancet Respir. Med.},
    author = {Alton, Eric W F W and Armstrong, David K and Ashby, Deborah and Bayfield, Katie J and Bilton, Diana and Bloomfield, Emily V and Boyd, A Christopher and Brand, June and Buchan, Ruaridh and Calcedo, Roberto and Carvelli, Paula and Chan, Mario and Cheng, Seng H and Collie, D David S and Cunningham, Steve and Davidson, Heather E and Davies, Gwyneth and Davies, Jane C and Davies, Lee A and Dewar, Maria H and Doherty, Ann and Donovan, Jackie and Dwyer, Natalie S and Elgmati, Hala I and Featherstone, Rosanna F and Gavino, Jemyr and Gea-Sorli, Sabrina and Geddes, Duncan M and Gibson, James S R and Gill, Deborah R and Greening, Andrew P and Griesenbach, Uta and Hansell, David M and Harman, Katharine and Higgins, Tracy E and Hodges, Samantha L and Hyde, Stephen C and Hyndman, Laura and Innes, J Alastair and Jacob, Joseph and Jones, Nancy and Keogh, Brian F and Limberis, Maria P and Lloyd-Evans, Paul and Maclean, Alan W and Manvell, Michelle C and McCormick, Dominique and McGovern, Michael and McLachlan, Gerry and Meng, Cuixiang and Montero, M Angeles and Milligan, Hazel and Moyce, Laura J and Murray, Gordon D and Nicholson, Andrew G and Osadolor, Tina and Parra-Leiton, Javier and Porteous, David J and Pringle, Ian A and Punch, Emma K and Pytel, Kamila M and Quittner, Alexandra L and Rivellini, Gina and Saunders, Clare J and Scheule, Ronald K and Sheard, Sarah and Simmonds, Nicholas J and Smith, Keith and Smith, Stephen N and Soussi, Najwa and Soussi, Samia and Spearing, Emma J and Stevenson, Barbara J and Sumner-Jones, Stephanie G and Turkkila, Minna and Ureta, Rosa P and Waller, Michael D and Wasowicz, Marguerite Y and Wilson, James M and Wolstenholme-Hogg, Paul},
    number = {9},
    pages = {684--691},
    volume = {3},
    url = {http://linkinghub.elsevier.com/retrieve/pii/S2213260015002453},
    doi = {10.1016/S2213-2600(15)00245-3}
}

@book{BritishMedicalAssociation.2017BNF2017.,
    title = {{BNF 73 : March - September 2017.}},
    year = {2017},
    author = {{British Medical Association.} and {Royal Pharmaceutical Society of Great Britain.}},
    publisher = {BMJ Group and Pharmaceutical Press},
    address = {London},
    isbn = {9780857112736}
}

@article{Castellani2017CysticView,
    title = {{Cystic fibrosis: a clinical view}},
    year = {2017},
    journal = {Cell. Mol. Life Sci.},
    author = {Castellani, Carlo and Assael, Baroukh M.},
    number = {1},
    pages = {129--140},
    volume = {74},
    publisher = {Springer International Publishing},
    url = {http://link.springer.com/10.1007/s00018-016-2393-9},
    doi = {10.1007/s00018-016-2393-9}
}

@article{Needham1971SolubilitySystems,
    title = {{Solubility of Amino Acids in Pure Solvent Systems}},
    year = {1971},
    journal = {J. Pharm. Sci.},
    author = {Needham, T.E. and Paruta, A.N. and Gerraughty, R.J.},
    number = {4},
    pages = {565--567},
    volume = {60},
    publisher = {Wiley Subscription Services, Inc., A Wiley Company},
    url = {http://linkinghub.elsevier.com/retrieve/pii/S0022354915378436},
    doi = {10.1002/jps.2600600410},
    keywords = {Acid, Alcoholic, Amino acid solubility—pure solvent systems, Isoelectric pH—amino acid minimum solubility, aqueous systems—amino acid solubility, base addition effects—amino acid solubility, pure solvents}
}

@article{Tovar2013BovineHaemodialysis.,
    title = {{Bovine and porcine heparins: different drugs with similar effects on human haemodialysis.}},
    year = {2013},
    journal = {BMC Res. Notes},
    author = {Tovar, Ana M F and Teixeira, Lisandra A C and Rembold, Simone M and Leite, Maurilo and Lugon, Jocemir R and Mour{\~{a}}o, Paulo A S and Mour{\~{a}}o, Paulo AS},
    pages = {230--237},
    volume = {6},
    publisher = {BioMed Central},
    url = {http://www.ncbi.nlm.nih.gov/pubmed/23763719 http://www.ncbi.nlm.nih.gov/pubmed/23763719},
    doi = {10.1186/1756-0500-6-230},
    pmid = {23763719}
}

@misc{CysticFAQs,
    title = {{Cystic Fibrosis Trust - FAQs}},
    url = {https://www.cysticfibrosis.org.uk/what-is-cystic-fibrosis/faqs#How common is cystic fibrosis?}
}

@article{Sabir2014OralFibrillation,
    title = {{Oral anticoagulants for Asian patients with atrial fibrillation}},
    year = {2014},
    journal = {Nat. Rev. Cardiol.},
    author = {Sabir, Ian and Khavandi, Kaivan and Brownrigg, Jack and Camm, A. John},
    number = {5},
    pages = {290--303},
    volume = {11},
    publisher = {Nature Research},
    url = {http://www.nature.com/doifinder/10.1038/nrcardio.2014.22},
    doi = {10.1038/nrcardio.2014.22}
}

@article{Palta2014OverviewSystem.,
    title = {{Overview of the coagulation system.}},
    year = {2014},
    journal = {Indian J. Anaesth.},
    author = {Palta, Sanjeev and Saroa, Richa and Palta, Anshu},
    number = {5},
    pages = {515--523},
    volume = {58},
    publisher = {Medknow Publications},
    url = {http://www.ncbi.nlm.nih.gov/pubmed/25535411 http://www.ncbi.nlm.nih.gov/pubmed/25535411},
    doi = {10.4103/0019-5049.144643},
    pmid = {25535411},
    keywords = {Anaesthesia, Coagulation system, haemostasis}
}

@article{Valeur2009AmideReagents,
    title = {{Amide bond formation: beyond the myth of coupling reagents}},
    year = {2009},
    journal = {Chem. Soc. Rev.},
    author = {Valeur, Eric and Bradley, Mark},
    pages = {606--631},
    volume = {38},
    url = {http://pubs.rsc.org/en/content/articlepdf/2009/CS/B701677H},
    doi = {10.1039/b701677h}
}

@article{Albanyan2017Self-AssembledLigands,
    title = {{Self-Assembled Multivalent (SAMul) Polyanion Binding - Impact of Hydrophobic Modifications in the Micellar Core on DNA and Heparin Binding at the Peripheral Cationic Ligands}},
    year = {2017},
    journal = {Chem. Eur. J.},
    author = {Albanyan, Buthaina and Laurini, Erik and Posocco, Paola and Pricl, Sabrina and Smith, David K.},
    number = {26},
    pages = {6391--6397},
    volume = {23},
    url = {http://doi.wiley.com/10.1002/chem.201700177},
    doi = {10.1002/chem.201700177},
    keywords = {assembly}
}

@article{Dutta2015UsingInteractions,
    title = {{Using Isothermal Titration Calorimetry to Determine Thermodynamic Parameters of Protein–Glycosaminoglycan Interactions}},
    year = {2015},
    journal = {Methods. Mol. Biol.},
    author = {Dutta, Amit K and R{\"{o}}sgen, Jörg and Rajarathnam, Krishna},
    number = {1229},
    pages = {315--324},
    url = {https://www.ncbi.nlm.nih.gov/pmc/articles/PMC4690468/pdf/nihms746430.pdf},
    doi = {10.1007/978-1-4939-1714-3{\_}25},
    keywords = {Enthalpy, Entropy, Free energy, Glycosaminoglycan (GAG), Heparin, Isothermal titration calorimetry (ITC), Thermodynamics}
}

@book{Klajnert2013DendrimersApplications,
    title = {{Dendrimers in biomedical applications}},
    year = {2013},
    author = {Klajnert, Barbara. and Peng, Ling. and Ceña, Valentín.},
    pages = {204},
    publisher = {Royal Society of Chemistry},
    url = {https://books.google.co.uk/books?id=xNNkdkyluF0C&pg=PA191&lpg=PA191&dq=nile+red+assay+%2B+self+assembly&source=bl&ots=Py8ySTdASO&sig=o5nEZ9l_UZpKdxLwM1YFijx9SOM&hl=en&sa=X&ved=0ahUKEwjHlYznkPnSAhWCxxoKHSKlCQIQ6AEIPjAE#v=onepage&q=nile%20red%20assay%20%2B%20self%20assembly&f=false},
    isbn = {1849736111}
}

@article{Kingery-Wood1992TheGangliosides,
    title = {{The agglutination of erythrocytes by influenza virus is strongly inhibited by liposomes incorporating an analog of sialyl gangliosides}},
    year = {1992},
    journal = {J. Am. Chem. Soc.},
    author = {Kingery-Wood, Jill E. and Williams, Kevin W. and Sigal, George B. and Whitesides, George M.},
    number = {18},
    pages = {7303--7305},
    volume = {114},
    publisher = {American Chemical Society},
    url = {http://pubs.acs.org/doi/abs/10.1021/ja00044a057},
    doi = {10.1021/ja00044a057}
}

@article{Huo2016FullyStructure,
    title = {{Fully Zwitterionic Nanoparticle Antimicrobial Agents through Tuning of Core Size and Ligand Structure}},
    year = {2016},
    journal = {ACS Nano},
    author = {Huo, Shuaidong and Jiang, Ying and Gupta, Akash and Jiang, Ziwen and Landis, Ryan F. and Hou, Singyuk and Liang, Xing-Jie and Rotello, Vincent M.},
    number = {9},
    month = {9},
    pages = {8732--8737},
    volume = {10},
    publisher = {American Chemical Society},
    url = {http://pubs.acs.org/doi/abs/10.1021/acsnano.6b04207},
    doi = {10.1021/acsnano.6b04207},
    issn = {1936-0851},
    keywords = {antimicrobial activity, charge orientation, size, zwitterionic gold nanoparticles}
}

@article{Mout2017DirectEditing,
    title = {{Direct Cytosolic Delivery of CRISPR/Cas9-Ribonucleoprotein for Efficient Gene Editing}},
    year = {2017},
    journal = {ACS Nano},
    author = {Mout, Rubul and Ray, Moumita and Yesilbag Tonga, Gulen and Lee, Yi-Wei and Tay, Tristan and Sasaki, Kanae and Rotello, Vincent M.},
    number = {3},
    pages = {2452--2458},
    volume = {11},
    publisher = {American Chemical Society},
    url = {http://pubs.acs.org/doi/abs/10.1021/acsnano.6b07600},
    doi = {10.1021/acsnano.6b07600},
    keywords = {CRISPR delivery, CRISPR/Cas9, CRISPR/Cas9 engineering, gene editing, genome engineering, nanoparticle}
}

@article{Ghosh2008EfficientNanoparticles,
    title = {{Efficient Gene Delivery Vectors by Tuning the Surface Charge Density of Amino Acid-Functionalized Gold Nanoparticles}},
    year = {2008},
    journal = {ACS Nano},
    author = {Ghosh, Partha S. and Kim, Chae-Kyu and Han, Gang and Forbes, Neil S. and Rotello, Vincent M.},
    number = {11},
    pages = {2213--2218},
    volume = {2},
    publisher = {American Chemical Society},
    url = {http://pubs.acs.org/doi/abs/10.1021/nn800507t},
    doi = {10.1021/nn800507t},
    keywords = {DNA, delivery, glutathione, gold nanoparticles, transfection}
}

@article{DeLucia1993EfficacyReversal,
    title = {{Efficacy and toxicity of differently charged polycationic protamine-like peptides for heparin anticoagulation reversal}},
    year = {1993},
    journal = {Journal of Vascular Surgery},
    author = {DeLucia, Alphonse and Wakefield, Thomas W. and Andrews, Philip C. and Nichol, Brad J. and Kadell, Amy M. and Wrobleski, Shirley K. and Downing, L.Joe and Stanley, James C.},
    number = {1},
    month = {7},
    pages = {49--60},
    volume = {18},
    publisher = {Elsevier},
    url = {http://linkinghub.elsevier.com/retrieve/pii/074152149370014P},
    doi = {10.1067/mva.1993.42736},
    issn = {07415214}
}

@article{Plenderleith2014Highly-branchedTemperature,
    title = {{Highly-branched poly(N-isopropyl acrylamide)s with core–shell morphology below the lower critical solution temperature}},
    year = {2014},
    journal = {RSC Adv.},
    author = {Plenderleith, Richard and Swift, Thomas and Rimmer, Stephen},
    number = {92},
    pages = {50932--50937},
    volume = {4},
    publisher = {The Royal Society of Chemistry},
    url = {http://xlink.rsc.org/?DOI=C4RA10076J},
    doi = {10.1039/C4RA10076J}
}

@misc{NileRed-ThermoFisherScientificHttps://www.thermofisher.com/order/catalog/product/N1142,
    title = {{https://www.thermofisher.com/order/catalog/product/N1142}},
    author = {{Nile Red - Thermo Fisher Scientific}},
    url = {https://www.thermofisher.com/order/catalog/product/N1142},
    address = {(accessed May 2017)}
}

@article{Sun2015Self-AssembledEditing,
    title = {{Self-Assembled DNA Nanoclews for the Efficient Delivery of CRISPR–Cas9 for Genome Editing}},
    year = {2015},
    journal = {Angew. Chem., Int. Ed.},
    author = {Sun, Wujin and Ji, Wenyan and Hall, Jordan M and Hu, Quanyin and Wang, Chao and Beisel, Chase L and Gu, Zhen},
    number = {41},
    pages = {12029--12033},
    volume = {54},
    publisher = {WILEY-VCH Verlag},
    url = {http://dx.doi.org/10.1002/anie.201506030},
    doi = {10.1002/anie.201506030},
    keywords = {CRISPR–Cas9, DNA, drug delivery, genome editing, nanoparticles}
}

@incollection{Liang2012EndosomalSystems,
    title = {{Endosomal Escape Pathways for Non-Viral Nucleic Acid Delivery Systems}},
    year = {2012},
    booktitle = {Molecular Regulation of Endocytosis},
    author = {Liang, Wanling and Lam, Jenny K W},
    editor = {Ceresa, Brian},
    pages = {Ch. 17},
    publisher = {InTech},
    url = {http://dx.doi.org/10.5772/46006},
    address = {Rijeka},
    doi = {10.5772/46006}
}

@article{Zuris2015CationicVivo,
    title = {{Cationic lipid-mediated delivery of proteins enables efficient protein-based genome editing in vitro and in vivo}},
    year = {2015},
    journal = {Nat Biotech},
    author = {Zuris, John A and Thompson, David B and Shu, Yilai and Guilinger, John P and Bessen, Jeffrey L and Hu, Johnny H and Maeder, Morgan L and Joung, J Keith and Chen, Zheng-Yi and Liu, David R},
    number = {1},
    pages = {73--80},
    volume = {33},
    publisher = {Nature Publishing Group, a division of Macmillan Publishers Limited. All Rights Reserved.},
    url = {http://dx.doi.org/10.1038/nbt.3081 http://dx.doi.org/10.1038/nbt.3081 http://dx.doi.org/10.1038/nbt.3081}
}

@article{Rohde1996CellLines.,
    title = {{Cell surface expression of HIP, a novel heparin/heparan sulfate binding protein, of human uterine epithelial cells and cell lines.}},
    year = {1996},
    journal = {J. Biol. Chem.},
    author = {Rohde, L H and Julian, J and Babaknia, A and Carson, D D},
    number = {20},
    pages = {11824--11830},
    volume = {271},
    publisher = {American Society for Biochemistry and Molecular Biology},
    url = {http://www.ncbi.nlm.nih.gov/pubmed/8662617},
    doi = {10.1074/JBC.271.20.11824},
    pmid = {8662617}
}

@article{Liu1996CDNALines.,
    title = {{cDNA cloning and expression of HIP, a novel cell surface heparan sulfate/heparin-binding protein of human uterine epithelial cells and cell lines.}},
    year = {1996},
    journal = {J. Biol. Chem.},
    author = {Liu, S and Smith, S E and Julian, J and Rohde, L H and Karin, N J and Carson, D D},
    number = {20},
    pages = {11817--11823},
    volume = {271},
    publisher = {American Society for Biochemistry and Molecular Biology},
    url = {http://www.ncbi.nlm.nih.gov/pubmed/8662616},
    doi = {10.1074/JBC.271.20.11817},
    pmid = {8662616}
}

@article{Mecca2006PolycationicHeparin,
    title = {{Polycationic calix[8]arenes able to recognize and neutralize heparin}},
    year = {2006},
    journal = {Org. Biomol. Chem.},
    author = {Mecca, Tommaso and Consoli, Grazia M. L. and Geraci, Corrada and La Spina, Rita and Cunsolo, Francesca and Caufield, C. and Chang, G. and Hendrickson, T. and Still, W. C.},
    number = {20},
    pages = {3763--3768},
    volume = {4},
    publisher = {The Royal Society of Chemistry},
    url = {http://xlink.rsc.org/?DOI=b608887b},
    doi = {10.1039/b608887b}
}

@article{Caumes2016TuningStereochemistry,
    title = {{Tuning the structure of 1,3,5-benzene tricarboxamide self-assemblies through stereochemistry}},
    year = {2016},
    journal = {Chem. Commun.},
    author = {Caumes, Xavier and Baldi, Arianna and Gontard, Geoffrey and Brocorens, Patrick and Lazzaroni, Roberto and Vanthuyne, Nicolas and Troufflard, Claire and Raynal, Matthieu and Bouteiller, Laurent and Graf, R. and Spiess, H. W. and Zeng, X. B. and Ungar, G. and Percec, V.},
    number = {91},
    pages = {13369--13372},
    volume = {52},
    publisher = {The Royal Society of Chemistry},
    url = {http://xlink.rsc.org/?DOI=C6CC07325E},
    doi = {10.1039/C6CC07325E},
    issn = {1359-7345}
}

@article{Bongiovanni2016Multi-dimensionalMapping,
    title = {{Multi-dimensional super-resolution imaging enables surface hydrophobicity mapping}},
    year = {2016},
    journal = {Nat. Commun.},
    author = {Bongiovanni, Marie N. and Godet, Julien and Horrocks, Mathew H. and Tosatto, Laura and Carr, Alexander R. and Wirthensohn, David C. and Ranasinghe, Rohan T. and Lee, Ji-Eun and Ponjavic, Aleks and Fritz, Joelle V. and Dobson, Christopher M. and Klenerman, David and Lee, Steven F.},
    pages = {13544--13553},
    volume = {7},
    publisher = {Nature Publishing Group},
    url = {http://www.nature.com/doifinder/10.1038/ncomms13544},
    doi = {10.1038/ncomms13544}
}

@phdthesis{Bromfield2014MultivalentSensing,
    title = {{Multivalent Heparin Binding and Sensing}},
    year = {2014},
    author = {Bromfield, Stephen Marriot},
    url = {http://etheses.whiterose.ac.uk/7943/1/Multivalent%20Heparin%20Binding%20and%20Sensing.pdf},
    school = {University of York}
}

@article{Banerjee2013FluorescenceDNA,
    title = {{Fluorescence Spectroscopic and Calorimetry Based Approaches to Characterize the Mode of Interaction of Small Molecules with DNA}},
    year = {2013},
    journal = {J. Fluoresc.},
    author = {Banerjee, Amrita and Singh, Jasdeep and Dasgupta, Dipak},
    number = {4},
    pages = {745--752},
    volume = {23},
    publisher = {Springer US},
    url = {http://link.springer.com/10.1007/s10895-013-1211-0},
    doi = {10.1007/s10895-013-1211-0}
}

@article{Olmsted1977MechanismAcids,
    title = {{Mechanism of ethidium bromide fluorescence enhancement on binding to nucleic acids}},
    year = {1977},
    journal = {Biochemistry},
    author = {Olmsted, John and Kearns, David R.},
    number = {16},
    pages = {3647--3654},
    volume = {16},
    publisher = {American Chemical Society},
    url = {http://pubs.acs.org/doi/abs/10.1021/bi00635a022},
    doi = {10.1021/bi00635a022}
}

@misc{EthidiumbromideBioReagent-Sigma-AldrichHttp://www.sigmaaldrich.com/catalog/product/sigma/e7637,
    title = {{http://www.sigmaaldrich.com/catalog/product/sigma/e7637}},
    author = {{Ethidium bromide BioReagent - Sigma-Aldrich}},
    url = {http://www.sigmaaldrich.com/catalog/product/sigma/e7637?lang=en&region=GB&cm_sp=Insite-_-prodRecCold_xviews-_-prodRecCold10-1},
    address = {(accessed: June 2017)}
}

@book{Sauer2011HandbookEnsembles,
    title = {{Handbook of fluorescence spectroscopy and imaging : from single molecules to ensembles}},
    year = {2011},
    author = {Sauer, Markus and Hofkens, Johan. and Enderlein, J.},
    publisher = {Wiley-VCH},
    address = {Weinheim, Germany},
    isbn = {3527316698}
}

@article{Kaminski2014NewReversal,
    title = {{New arginine substituted derivative of poly(allylamine hydrochloride) for heparin reversal}},
    year = {2014},
    journal = {MedChemComm},
    author = {Kami{\'{n}}ski, Kamil and Ka{\l}aska, Bartłomiej and Koczurkiewicz, Paulina and Michalik, Marta and Szczubia{\l}ka, Krzysztof and Mogielnicki, Andrzej and Buczko, Włodzimierz and Nowakowska, Maria},
    number = {4},
    pages = {489--495},
    volume = {5},
    publisher = {The Royal Society of Chemistry},
    url = {http://xlink.rsc.org/?DOI=c3md00374d},
    doi = {10.1039/c3md00374d}
}

@article{Sokolowska2016TheHeparin,
    title = {{The Toxicokinetic Profile of Dex40-GTMAC3—a Novel Polysaccharide Candidate for Reversal of Unfractionated Heparin}},
    year = {2016},
    journal = {Front. Pharmacol.},
    author = {Sokolowska, Emilia and Kalaska, Bartlomiej and Kaminski, Kamil and Lewandowska, Alicja and Blazejczyk, Agnieszka and Wietrzyk, Joanna and Kasacka, Irena and Szczubialka, Krzysztof and Pawlak, Dariusz and Nowakowska, Maria and Mogielnicki, Andrzej},
    pages = {60--73},
    volume = {7},
    publisher = {Frontiers},
    url = {http://journal.frontiersin.org/Article/10.3389/fphar.2016.00060/abstract},
    doi = {10.3389/fphar.2016.00060},
    keywords = {Dextran, Heparin, Protamine sulfate, Safety, Toxicity, toxicokinetics}
}

@article{Ansell2014UseEdoxaban,
    title = {{Use of PER977 to Reverse the Anticoagulant Effect of Edoxaban}},
    year = {2014},
    journal = {N. Engl. J. Med.},
    author = {Ansell, Jack E. and Bakhru, Sasha H. and Laulicht, Bryan E. and Steiner, Solomon S. and Grosso, Michael and Brown, Karen and Dishy, Victor and Noveck, Robert J. and Costin, James C.},
    number = {22},
    pages = {2141--2142},
    volume = {371},
    url = {http://www.ncbi.nlm.nih.gov/pubmed/25371966 http://www.ncbi.nlm.nih.gov/pubmed/25371966},
    doi = {10.1056/NEJMc1411800},
    pmid = {25371966}
}

@article{Kuziej2010InDerivative,
    title = {{In Vivo Neutralization of Unfractionated Heparin and Low-Molecular-Weight Heparin by a Novel Salicylamide Derivative}},
    year = {2010},
    journal = {Clin. Appl. Thromb./Hemostasis},
    author = {Kuziej, Jacqueline and Litinas, Evangelos and Hoppensteadt, Debra A. and Dahui Liu, Dahui and Walenga, Jeanine M. and Fareed, Jawed and Jeske, Walter},
    number = {4},
    pages = {377--386},
    volume = {16},
    publisher = {SAGE PublicationsSage CA: Los Angeles, CA},
    url = {http://journals.sagepub.com/doi/10.1177/1076029610366439},
    doi = {10.1177/1076029610366439},
    keywords = {PMX 60056, low-molecular-weight heparins (LMWHs), protamine sulfate, unfractionated heparin (UFH)}
}

@misc{ReversalClinicalTrials.gov,
    title = {{Reversal of Heparin in Patients Undergoing Percutaneous Coronary Intervention (PCI) - Full Text View - ClinicalTrials.gov}},
    url = {https://clinicaltrials.gov/ct2/show/study/NCT01312935?intr=PMX60056+OR+PMX-60056+OR+PMX+60056+OR+Delparantag&rank=1}
}

@misc{Laulicht2013AntidoteEdoxaban,
    title = {{Antidote for New Oral Anticoagulants: Mechanism of Action and Binding Specificity of PER977 involvement limited to studies involving edoxaban}},
    year = {2013},
    author = {Laulicht, Bryan and Bakhru, Sasha and Jiang, Xuan and Chen, Lirong and Pan, Deng and Grosso, Michael and Morishima, Yoshiyuki and Brown, Karen and Masumoto, Hiroshi and Costin, James and Steiner, Solomon},
    url = {http://perosphere.com/content/media/documents/Perosphere_ISTH_Talk.pdf}
}

@article{Kalaska2015NonclinicalHeparin,
    title = {{Nonclinical Evaluation of Novel Cationically Modified Polysaccharide Antidotes for Unfractionated Heparin}},
    year = {2015},
    journal = {PLoS One},
    author = {Kalaska, Bartlomiej and Kaminski, Kamil and Sokolowska, Emilia and Czaplicki, Dominik and Kujdowicz, Monika and Stalinska, Krystyna and Bereta, Joanna and Szczubialka, Krzysztof and Pawlak, Dariusz and Nowakowska, Maria and Mogielnicki, Andrzej},
    number = {3},
    pages = {1--21},
    volume = {10},
    url = {http://dx.plos.org/10.1371/journal.pone.0119486}
}

@article{Feng2010Host-guestStudies.,
    title = {{Host-guest chemistry of dendrimer-drug complexes. 5. Insights into the design of formulations for noninvasive delivery of heparin revealed by isothermal titration calorimetry and NMR studies.}},
    year = {2010},
    journal = {The journal of physical chemistry. B},
    author = {Feng, Xueyan and Cheng, Yiyun and Yang, Kun and Zhang, Jiahai and Wu, Qinglin and Xu, Tongwen},
    number = {34},
    month = {9},
    pages = {11017--26},
    volume = {114},
    url = {http://pubs.acs.org/doi/abs/10.1021/jp105958j http://www.ncbi.nlm.nih.gov/pubmed/20695473},
    doi = {10.1021/jp105958j},
    issn = {1520-5207},
    pmid = {20695473}
}

@article{Bai2009SynthesisHeparin.,
    title = {{Synthesis and evaluation of pegylated dendrimeric nanocarrier for pulmonary delivery of low molecular weight heparin.}},
    year = {2009},
    journal = {Pharmaceutical research},
    author = {Bai, Shuhua and Ahsan, Fakhrul},
    number = {3},
    month = {3},
    pages = {539--48},
    volume = {26},
    url = {http://link.springer.com/10.1007/s11095-008-9769-y http://www.ncbi.nlm.nih.gov/pubmed/19034631},
    doi = {10.1007/s11095-008-9769-y},
    issn = {0724-8741},
    pmid = {19034631}
}

@article{PadillaDeJesus2002PolyesterEvaluation,
    title = {{Polyester Dendritic Systems for Drug Delivery Applications:  In Vitro and In Vivo Evaluation}},
    year = {2002},
    journal = {Bioconjugate Chem.},
    author = {Padilla De Jes{\'{u}}s, Omayra L. and Ihre, Henrik R. and Gagne, Lucie and Fr{\'{e}}chet, Jean M. J. and Szoka, Jr, Francis C},
    number = {3},
    pages = {453–461},
    volume = {13},
    publisher = {American Chemical Society},
    url = {http://pubs.acs.org/doi/full/10.1021/bc010103m},
    doi = {10.1021/BC010103M}
}

@article{Peters2013UtilizationTherapeutics,
    title = {{Utilization of Coagulation Assays in Clinical Therapeutics}},
    year = {2013},
    journal = {Pharmacotherapy},
    author = {Peters, Goldie L. and Erwin, P. Benjamin and Pitlick, Matthew K. and Stacy, Zachary A.},
    number = {11},
    pages = {1214--1222},
    volume = {33},
    url = {http://doi.wiley.com/10.1002/phar.1283},
    doi = {10.1002/phar.1283}
}

@article{Hirsh2001MechanismHeparin,
    title = {{Mechanism of Action and Pharmacology of Unfractionated Heparin}},
    year = {2001},
    journal = {Arterioscler., Thromb., Vasc. Biol.},
    author = {Hirsh, Jack and Anand, Sonia S. and Halperin, Jonathan L. and Fuster, Valentin},
    number = {7},
    pages = {1094--1096},
    volume = {21},
    url = {http://atvb.ahajournals.org/content/21/7/1094#sec-2}
}

@incollection{Posocco2013MultiscaleDelivery,
    title = {{Multiscale Modeling of Dendrimers and Dendrons for Drug and Nucleic Acid Delivery}},
    year = {2013},
    booktitle = {Dendrimers in Biomedical Applications},
    author = {Posocco, P. and Laurini, E. and Dal Col, V. and Marson, D. and Peng, L. and Smith, D.K. and Klajnert, B. and Bryszewska, M. and Caminade, A.-M. and Majoral, J.P. and Fermeglia, M. and Karatasos, K. and Pricl, S.},
    pages = {148--166},
    publisher = {Royal Society of Chemistry},
    url = {http://ebook.rsc.org/?DOI=10.1039/9781849737296-00148},
    address = {Cambridge},
    doi = {10.1039/9781849737296-00148}
}

@article{Montalvo2014DeInteractions,
    title = {{De Novo Design of Self-Assembling Foldamers That Inhibit Heparin?Protein Interactions}},
    year = {2014},
    journal = {ACS Chem. Biol.},
    author = {Montalvo, Geronda L. and Zhang, Yao and Young, Trevor M. and Costanzo, Michael J. and Freeman, Katie B. and Wang, Jun and Clements, Dylan J. and Magavern, Emma and Kavash, Robert W. and Scott, Richard W. and Liu, Dahui and DeGrado, William F.},
    number = {4},
    pages = {967--975},
    volume = {9},
    publisher = {American Chemical Society},
    url = {http://pubs.acs.org/doi/abs/10.1021/cb500026x},
    doi = {10.1021/cb500026x}
}

@article{Smith2008DendrimersTherapy,
    title = {{Dendrimers and the Double Helix - From DNA Binding Towards Gene Therapy}},
    year = {2008},
    journal = {Current Topics in Medicinal Chemistry},
    author = {Smith, David},
    number = {14},
    month = {9},
    pages = {1187--1203},
    volume = {8},
    url = {http://www.eurekaselect.com/openurl/content.php?genre=article&issn=1568-0266&volume=8&issue=14&spage=1187},
    doi = {10.2174/156802608785849030},
    issn = {15680266}
}

@article{Welsh2011ComparingInteractions,
    title = {{Comparing dendritic and self-assembly strategies to multivalency?RGD peptide?integrin interactions}},
    year = {2011},
    journal = {Organic {\&} Biomolecular Chemistry},
    author = {Welsh, Daniel J. and Smith, David K.},
    number = {13},
    pages = {4795},
    volume = {9},
    url = {http://xlink.rsc.org/?DOI=c1ob05241a},
    doi = {10.1039/c1ob05241a},
    issn = {1477-0520}
}

@article{Ryzhkina2015Self-organizationMoieties,
    title = {{Self-organization and chirality in the high dilution solutions of glycoluril enantiomers with (R)- and (S)-methionine moieties}},
    year = {2015},
    journal = {Mendeleev Communications},
    author = {Ryzhkina, Irina S. and Kiseleva, Yuliya V. and Murtazina, Lyaisan I. and Mishina, Olga A. and Timosheva, Alina P. and Sergeeva, Svetlana Yu. and Baranov, Vladimir V. and Kravchenko, Angelina N. and Konovalov, Alexander I.},
    number = {1},
    month = {1},
    pages = {72--74},
    volume = {25},
    url = {http://linkinghub.elsevier.com/retrieve/pii/S0959943615000280},
    doi = {10.1016/j.mencom.2015.01.027},
    issn = {09599436}
}

@article{Kelly2005HowDichroism,
    title = {{How to study proteins by circular dichroism}},
    year = {2005},
    journal = {Biochim. Biophys. Acta},
    author = {Kelly, Sharon M and Jess, Thomas J and Price, Nicholas C},
    number = {2},
    pages = {119--139},
    volume = {1751},
    url = {http://ctrstbio.org.uic.edu/manuals/kellybba.pdf},
    doi = {10.1016/j.bbapap.2005.06.005},
    keywords = {Circular dichroism, Ligand binding, Protein folding, Protein structure, Secondary structure}
}

@article{Balhorn2007TheProteins,
    title = {{The protamine family of sperm nuclear proteins}},
    year = {2007},
    journal = {Genome Biology},
    author = {Balhorn, Rod},
    number = {9},
    pages = {227--234},
    volume = {8},
    url = {http://genomebiology.biomedcentral.com/articles/10.1186/gb-2007-8-9-227},
    doi = {10.1186/gb-2007-8-9-227}
}

@incollection{2017ProtamineSulphate,
    title = {{Protamine Sulphate}},
    year = {2017},
    booktitle = {BNF 73 : March - September 2017.},
    publisher = {BMJ Group, and Pharmaceutical Press},
    url = {https://www.medicinescomplete.com/mc/bnf/64/PHP1517-protamine-sulfate.htm},
    address = {London}
}

@article{Tuite1997EffectsDichroism,
    title = {{Effects of Minor and Major Groove-Binding Drugs and Intercalators on the DNA Association of Minor Groove-Binding Proteins RecA and Deoxyribonuclease I Detected by Flow Linear Dichroism}},
    year = {1997},
    journal = {Eur. J. Biochem.},
    author = {Tuite, Eimer and Sehlstedt, Ulrica and Hagmar, Per and Norden, Bengt and Takahashi, Masayuki},
    number = {1-2},
    pages = {482--492},
    volume = {243},
    publisher = {Blackwell Science Ltd},
    url = {http://doi.wiley.com/10.1111/j.1432-1033.1997.0482a.x},
    doi = {10.1111/j.1432-1033.1997.0482a.x},
    keywords = {RecA protein, circular dichroism, deoxyribonuclease I, linear dichroism, protein‐DNA interactions}
}

@article{Broggini1989DistamycinsElements.,
    title = {{Distamycins inhibit the binding of OTF-1 and NFE-1 transfactors to their conserved DNA elements.}},
    year = {1989},
    journal = {Nucleic Acids Res.},
    author = {Broggini, M and Ponti, M and Ottolenghi, S and D'Incalci, M and Mongelli, N and Mantovani, R},
    number = {3},
    pages = {1051--9},
    volume = {17},
    publisher = {Oxford University Press},
    url = {http://www.ncbi.nlm.nih.gov/pubmed/2922260 http://www.ncbi.nlm.nih.gov/pubmed/2922260},
    pmid = {2922260}
}

@article{Hamilton2012NaturalBinders,
    title = {{Natural product DNA major groove binders}},
    year = {2012},
    journal = {Nat. Prod. Rep.},
    author = {Hamilton, Paris L. and Arya, Dev P. and Vistoli, G. and Harrison, S. C. and Jr, A. D. Clark and Jacobo-Molina, A. and Tantillo, C. and Hughes, S. H. and Arnold, E. and Waring, M. J. and Bailly, C.},
    number = {2},
    pages = {134--143},
    volume = {29},
    publisher = {The Royal Society of Chemistry},
    url = {http://xlink.rsc.org/?DOI=C1NP00054C},
    doi = {10.1039/C1NP00054C}
}

@incollection{Voet2011Chapter5,
    title = {{Chapter 5}},
    year = {2011},
    booktitle = {Biochemistry},
    author = {Voet, Donald and Voet, Judith G.},
    chapter = {5},
    edition = {4th Edition},
    pages = {82--128},
    publisher = {John Wiley {\&} Sons},
    isbn = {9780470570951}
}

@article{Nelson1987TheImplications,
    title = {{The structure of an oligo(dA){\textperiodcentered}oligo(dT) tract and its biological implications}},
    year = {1987},
    journal = {Nature},
    author = {Nelson, Hillary C. M. and Finch, John T. and Luisi, Bonaventura F. and Klug, Aaron},
    number = {6145},
    pages = {221--226},
    volume = {330},
    url = {http://www.nature.com/doifinder/10.1038/330221a0},
    doi = {10.1038/330221a0}
}

@article{Shi2017ChallengesSystems,
    title = {{Challenges in DNA Delivery and Recent Advances in a Multifunctional Polymeric DNA Delivery Systems}},
    year = {2017},
    journal = {Biomacromolecules},
    author = {Shi, Bingyang and Zheng, Meng and Tao, Wei and Chung, Roger and Jin, Dayong and Ghaffari, Dariush and Farokhzad, Omid C.},
    month = {7},
    pages = {acs.biomac.7b00803},
    publisher = {American Chemical Society},
    url = {http://pubs.acs.org/doi/abs/10.1021/acs.biomac.7b00803},
    doi = {10.1021/acs.biomac.7b00803},
    issn = {1525-7797}
}

@article{Gao2011LinearDelivery,
    title = {{Linear Cationic Click Polymers/DNA Nanoparticles: In Vitro Structure–Activity Relationship and In Vivo Evaluation for Gene Delivery}},
    year = {2011},
    journal = {Bioconjugate Chemistry},
    author = {Gao, Yu and Yin, Qi and Chen, Lingli and Zhang, Zhiwen and Li, Yaping},
    number = {6},
    month = {6},
    pages = {1153--1161},
    volume = {22},
    publisher = {American Chemical Society},
    url = {http://pubs.acs.org/doi/abs/10.1021/bc200008j},
    doi = {10.1021/bc200008j},
    issn = {1043-1802}
}

@article{Kainthan2006BloodDNA,
    title = {{Blood compatibility of novel water soluble hyperbranched polyglycerol-based multivalent cationic polymers and their interaction with DNA}},
    year = {2006},
    journal = {Biomaterials},
    author = {Kainthan, Rajesh Kumar and Gnanamani, Muthiah and Ganguli, Munia and Ghosh, Tanay and Brooks, Donald E. and Maiti, Souvik and Kizhakkedathu, Jayachandran N.},
    number = {31},
    month = {11},
    pages = {5377--5390},
    volume = {27},
    url = {http://linkinghub.elsevier.com/retrieve/pii/S0142961206005771},
    doi = {10.1016/j.biomaterials.2006.06.021},
    issn = {01429612}
}

@article{Wang2016EfficientNanoparticles.,
    title = {{Efficient delivery of genome-editing proteins using bioreducible lipid nanoparticles.}},
    year = {2016},
    journal = {Proceedings of the National Academy of Sciences of the United States of America},
    author = {Wang, Ming and Zuris, John a and Meng, Fantao and Rees, Holly and Sun, Shuo and Deng, Pu and Han, Yong and Gao, Xue and Pouli, Dimitra and Wu, Qi and Georgakoudi, Irene and Liu, David R and Xu, Qiaobing},
    isbn = {0711232105},
    doi = {10.1073/pnas.1520244113},
    issn = {1091-6490},
    pmid = {26929348},
    arxivId = {arXiv:1408.1149}
}

@article{Chan2017EffectMedia,
    title = {{Effect of buffer on heparin binding and sensing in competitive aqueous media}},
    year = {2017},
    journal = {Supramolecular Chemistry},
    author = {Chan, Ching W. and Smith, David K.},
    number = {10},
    month = {10},
    pages = {688--695},
    volume = {29},
    publisher = {Taylor {\&} Francis},
    url = {https://www.tandfonline.com/doi/full/10.1080/10610278.2016.1234711},
    doi = {10.1080/10610278.2016.1234711},
    issn = {1061-0278},
    keywords = {Anion, buffer, molecular recognition, sensor, water}
}

@book{Goodhew2001ElectronAnalysis,
    title = {{Electron Microscopy and Analysis}},
    year = {2001},
    author = {Goodhew, Peter J. and Beanland, R. and Humphreys, F. J.},
    edition = {3rd Edition},
    publisher = {Taylor {\&} Francis},
    address = {London},
    isbn = {9780203184257}
}

@misc{InternationalStandardsOrganisation-ISO10993-5:2009Https://www.iso.org/standard/36406.html,
    title = {{https://www.iso.org/standard/36406.html}},
    author = {{International Standards Organisation - ISO 10993-5:2009}},
    url = {https://www.iso.org/standard/36406.html},
    address = {(accessed: August 2017)}
}

@article{Pusnik2016TheCompounds,
    title = {{The agar diffusion scratch assay - A novel method to assess the bioactive and cytotoxic potential of new materials and compounds}},
    year = {2016},
    journal = {Sci. Rep.},
    author = {Pusnik, Mascha and Imeri, Minire and Deppierraz, Grégoire and Bruinink, Arie and Zinn, Manfred},
    pages = {1--10},
    volume = {6},
    url = {https://www.nature.com/articles/srep20854.pdf}
}

@misc{LipofectamineReagent-ThermoFisherScientificHttps://www.thermofisher.com/uk/en/home/brands/product-brand/lipofectamine.html,
    title = {{https://www.thermofisher.com/uk/en/home/brands/product-brand/lipofectamine.html}},
    author = {{Lipofectamine Reagent - Thermo Fisher Scientific}},
    url = {https://www.thermofisher.com/uk/en/home/brands/product-brand/lipofectamine.html},
    address = {(accessed: August 2017)}
}

@article{Zauner1998Polylysine-basedDelivery,
    title = {{Polylysine-based transfection systems utilizing receptor-mediated delivery}},
    year = {1998},
    journal = {Adv. Drug Delivery Rev.},
    author = {Zauner, Wolfgang and Ogris, Manfred and Wagner, Ernst},
    number = {1-3},
    pages = {97--113},
    volume = {30},
    url = {http://linkinghub.elsevier.com/retrieve/pii/S0169409X97001105},
    doi = {10.1016/S0169-409X(97)00110-5}
}

@article{Felgner1987Lipofection:Procedure,
    title = {{Lipofection: A highly efficient, lipid-mediated DNA-transfection procedure}},
    year = {1987},
    journal = {Biochemistry},
    author = {Felgner, Philip L and Gadek, Thomas R and Holm, Marilyn and Roman, Richard and Chan, Hardy W and Wenz, Michael and Northrop, Jeffrey P and Ringold, Gordon M and Danielsen, Mark},
    pages = {7413--7417},
    volume = {84},
    url = {http://www.pnas.org/content/84/21/7413.full.pdf?sid=589407cc-bc20-4aec-b722-7c19c0f35ae7}
}

@article{Malone1989CationicTransfection,
    title = {{Cationic liposome-mediated RNA transfection}},
    year = {1989},
    journal = {Proc. Natl. Acad. Sci. U.S.A},
    author = {Malone, RW and Felgner, P.L and Verma, I.M},
    pages = {6077--6081},
    volume = {86},
    url = {http://www.pnas.org/content/86/16/6077.full.pdf}
}

@misc{LipofectinTransfectionReagent-ThermoFisherScientificHttps://www.thermofisher.com/order/catalog/product/18292037,
    title = {{https://www.thermofisher.com/order/catalog/product/18292037}},
    author = {{Lipofectin Transfection Reagent - Thermo Fisher Scientific}},
    url = {https://www.thermofisher.com/order/catalog/product/18292037},
    address = {(accessed: August 2017)}
}

@article{Wong2007AnLength,
    title = {{An All-Atom Model of the Chromatin Fiber Containing Linker Histones Reveals a Versatile Structure Tuned by the Nucleosomal Repeat Length}},
    year = {2007},
    journal = {PLoS ONE},
    author = {Wong, Hua and Victor, Jean-Marc and Mozziconacci, Julien and Liu, AJ and Stevens, MJ},
    number = {9},
    pages = {e877},
    volume = {2},
    publisher = {Public Library of Science},
    url = {http://dx.plos.org/10.1371/journal.pone.0000877}
}

@article{Peterson2009DesignApproach,
    title = {{Design of biologically active heparan sulfate and heparin using an enzyme-based approach}},
    year = {2009},
    journal = {Nat. Prod. Rep.},
    author = {Peterson, Sherket and Frick, Amber and Liu, Jian},
    pages = {610--627},
    volume = {26},
    url = {http://pubs.rsc.org/en/content/articlepdf/2009/NP/B803795G}
}

@article{Kolff1956DisposableMedicine,
    title = {{Disposable Membrane Oxygenator (Heart-Lung Machine) and Its Use in Experimental Surgery | Cleveland Clinic Journal of Medicine}},
    year = {1956},
    journal = {Cleveland Clinic Journal of Medicine},
    author = {Kolff, Willem J. and Effler, Donald B. and Groves, Laurence K and Peereboom, Gerrit and Moraca, Patrick P.},
    number = {23},
    pages = {69--97},
    volume = {2},
    url = {http://www.mdedge.com/ccjm/article/90226/disposable-membrane-oxygenator-heart-lung-machine-and-its-use-experimental}
}

@book{Clayden2012OrganicChemistry,
    title = {{Organic Chemistry}},
    year = {2012},
    author = {Clayden, Jonathan and Greeves, Nick and Warren, Stuart},
    edition = {2nd Edition},
    pages = {558},
    publisher = {Oxford University Press},
    url = {https://www.bookdepository.com/Organic-Chemistry-Jonathan-Clayden/9780199270293?redirected=true&utm_medium=Google&utm_campaign=Base1&utm_source=UK&utm_content=Organic-Chemistry&selectCurrency=GBP&w=AFC7AU99VZL68XA80CZUAMSZ&pdg=kwd-104399445939:cmp-7068337},
    address = {Oxford}
}